%% This BibTeX bibliography file was created using BibDesk.
%% http://bibdesk.sourceforge.net/

%% Created for Jos√© Enrique Ruiz at 2018-10-29 09:43:22 +0100


%% Saved with string encoding Unicode (UTF-8)



@misc{2017ascl.soft11014D,
	Adsnote = {Provided by the SAO/NASA Astrophysics Data System},
	Adsurl = {http://adsabs.harvard.edu/abs/2017ascl.soft11014D},
	Archiveprefix = {ascl},
	Author = {{Deil}, C. and {Donath}, A. and {Owen}, E. and {Terrier}, R. and {B{\"u}hler}, R. and {Armstrong}, T.},
	Eprint = {1711.014},
	Howpublished = {Astrophysics Source Code Library},
	Keywords = {Software},
	Month = nov,
	Title = {{Gammapy: Python toolbox for gamma-ray astronomy}},
	Year = 2017}

@MISC{2013ascl.soft04002G,
   author = {{Greenfield}, P. and {Robitaille}, T. and {Tollerud}, E. and
	{Aldcroft}, T. and {Barbary}, K. and {Barrett}, P. and {Bray}, E. and
	{Crighton}, N. and {Conley}, A. and {Conseil}, S. and {Davis}, M. and
	{Deil}, C. and {Dencheva}, N. and {Droettboom}, M. and {Ferguson}, H. and
	{Ginsburg}, A. and {Grollier}, F. and {Moritz G{\"u}nther}, H. and
	{Hanley}, C. and {Hsu}, J.~C. and {Kerzendorf}, W. and {Kramer}, R. and
	{Lian Lim}, P. and {Muna}, D. and {Nair}, P. and {Price-Whelan}, A. and
	{Shiga}, D. and {Singer}, L. and {Taylor}, J. and {Turner}, J. and
	{Woillez}, J. and {Zabalza}, V.},
    title = "{Astropy: Community Python library for astronomy}",
 keywords = {Software },
howpublished = {Astrophysics Source Code Library},
     year = 2013,
    month = apr,
archivePrefix = "ascl",
   eprint = {1304.002},
   adsurl = {http://adsabs.harvard.edu/abs/2013ascl.soft04002G},
  adsnote = {Provided by the SAO/NASA Astrophysics Data System}
}

@article{2013A&A...558A..33A,
	Adsnote = {Provided by the SAO/NASA Astrophysics Data System},
	Adsurl = {http://adsabs.harvard.edu/abs/2013A%26A...558A..33A},
	Archiveprefix = {arXiv},
	Author = {{Astropy Collaboration} and {Robitaille}, T.~P. and {Tollerud}, E.~J. and {Greenfield}, P. and {Droettboom}, M. and {Bray}, E. and {Aldcroft}, T. and {Davis}, M. and {Ginsburg}, A. and {Price-Whelan}, A.~M. and {Kerzendorf}, W.~E. and {Conley}, A. and {Crighton}, N. and {Barbary}, K. and {Muna}, D. and {Ferguson}, H. and {Grollier}, F. and {Parikh}, M.~M. and {Nair}, P.~H. and {Unther}, H.~M. and {Deil}, C. and {Woillez}, J. and {Conseil}, S. and {Kramer}, R. and {Turner}, J.~E.~H. and {Singer}, L. and {Fox}, R. and {Weaver}, B.~A. and {Zabalza}, V. and {Edwards}, Z.~I. and {Azalee Bostroem}, K. and {Burke}, D.~J. and {Casey}, A.~R. and {Crawford}, S.~M. and {Dencheva}, N. and {Ely}, J. and {Jenness}, T. and {Labrie}, K. and {Lim}, P.~L. and {Pierfederici}, F. and {Pontzen}, A. and {Ptak}, A. and {Refsdal}, B. and {Servillat}, M. and {Streicher}, O.},
	Doi = {10.1051/0004-6361/201322068},
	Eid = {A33},
	Eprint = {1307.6212},
	Journal = {\aap},
	Keywords = {methods: data analysis, methods: miscellaneous, virtual observatory tools},
	Month = oct,
	Pages = {A33},
	Primaryclass = {astro-ph.IM},
	Title = {{Astropy: A community Python package for astronomy}},
	Volume = 558,
	Year = 2013,
	Bdsk-Url-1 = {https://doi.org/10.1051/0004-6361/201322068}}

@conference{Kluyver:2016aa,
	Author = {Thomas Kluyver and Benjamin Ragan-Kelley and Fernando P{\'e}rez and Brian Granger and Matthias Bussonnier and Jonathan Frederic and Kyle Kelley and Jessica Hamrick and Jason Grout and Sylvain Corlay and Paul Ivanov and Dami{\'a}n Avila and Safia Abdalla and Carol Willing},
	Booktitle = {Positioning and Power in Academic Publishing: Players, Agents and Agendas},
	Editor = {F. Loizides and B. Schmidt},
	Organization = {IOS Press},
	Pages = {87 - 90},
	Title = {Jupyter Notebooks -- a publishing format for reproducible computational workflows},
	Year = {2016}}

@inproceedings{project_jupyter-proc-scipy-2018,
	Author = {{P}roject {J}upyter and {M}atthias {B}ussonnier and {J}essica {F}orde and {J}eremy {F}reeman and {B}rian {G}ranger and {T}im {H}ead and {C}hris {H}oldgraf and {K}yle {K}elley and {G}ladys {N}alvarte and {A}ndrew {O}sheroff and {M} {P}acer and {Y}uvi {P}anda and {F}ernando {P}erez and {B}enjamin {R}agan-{K}elley and {C}arol {W}illing},
	Booktitle = {{P}roceedings of the 17th {P}ython in {S}cience {C}onference},
	Date-Added = {2018-10-26 11:18:10 +0200},
	Date-Modified = {2018-10-26 11:18:10 +0200},
	Doi = {10.25080/Majora-4af1f417-011},
	Editor = {{F}atih {A}kici and {D}avid {L}ippa and {D}illon {N}iederhut and {M} {P}acer},
	Pages = {113 - 120},
	Title = {{B}inder 2.0 - {R}eproducible, interactive, sharable environments for science at scale},
	Year = {2018},
	Bdsk-Url-1 = {https://doi.org/10.25080/Majora-4af1f417-011}}

@book{oliphant_guide_2006,
	Added-At = {2014-01-19T07:05:25.000+0100},
	Author = {Oliphant, Travis},
	Biburl = {https://www.bibsonomy.org/bibtex/2f40296e2d792a4883b48db705291fd20/neurokernel},
	Interhash = {f13bb8f9237574e5678cedd1b36c4175},
	Intrahash = {f40296e2d792a4883b48db705291fd20},
	Keywords = {python},
	Publisher = {Trelgol Publishing},
	Timestamp = {2014-01-19T07:05:25.000+0100},
	Title = {Guide to {NumPy}},
	Year = 2006,
	Bdsk-Url-1 = {http://www.tramy.us/numpybook.pdf}}
